@incollection {flow,
 author = {Jesus, Paulo and Baquero, Carlos and Almeida, Paulo},
 affiliation = {University of Minho (CCTC-DI), Campus de Gualtar, 4710-057 Braga, Portugal},
 title = {Fault-Tolerant Aggregation by Flow Updating},
 booktitle = {Distributed Applications and Interoperable Systems},
 series = {Lecture Notes in Computer Science},
 editor = {Senivongse, Twittie and Oliveira, Rui},
 publisher = {Springer Berlin / Heidelberg},
 keyword = {Computer Science},
 pages = {73-86},
 volume = {5523},
 year = {2009}
}

@inproceedings{landmark,
author = {Lochert, Christian and Scheuermann, Bj\"{o}rn and Wewetzer, Christian and Luebke, Andreas and Mauve, Martin},
title = {Data aggregation and roadside unit placement for a vanet traffic information system},
booktitle = {Proceedings of the fifth ACM international workshop on VehiculAr Inter-NETworking},
series = {VANET '08},
year = {2008},
location = {San Francisco, California, USA},
pages = {58--65},
numpages = {8},
publisher = {ACM},
address = {New York, NY, USA},
}


@inproceedings{slow,
 author = {Itani, Wassim and Tajeddine, Ayman and Kayssi, Ayman and Chehab, Ali},
 title = {Slow but certain wins the race: authenticated bundle communication in delay tolerant networks},
 booktitle = {Proceedings of the 6th ACM workshop on QoS and security for wireless and mobile networks},
 series = {Q2SWinet '10},
 year = {2010},
 location = {Bodrum, Turkey},
 pages = {90--97},
 numpages = {8},
 publisher = {ACM},
 address = {New York, NY, USA},
}


@INPROCEEDINGS{habit,
author={Mashhadi, A.J. and Ben Mokhtar, S. and Capra, L.},
booktitle={World of Wireless, Mobile and Multimedia Networks Workshops, 2009. WoWMoM 2009. IEEE International Symposium on a}, title={Habit: Leveraging human mobility and social network for efficient content dissemination in Delay Tolerant Networks},
year={2009},
month={june},
volume={},
number={},
pages={1 -6},
}

@inproceedings{prob_agg,
 author = {Lochert, Christian and Scheuermann, Bj\"{o}rn and Mauve, Martin},
 title = {Probabilistic aggregation for data dissemination in VANETs},
 booktitle = {Proceedings of the fourth ACM international workshop on Vehicular ad hoc networks},
 series = {VANET '07},
 year = {2007},
 location = {Montreal, Quebec, Canada},
 pages = {1--8},
 numpages = {8},
 publisher = {ACM},
 address = {New York, NY, USA},
}

@article{SecurityVANET,
 author = {Raya, Maxim and Hubaux, Jean-Pierre},
 title = {Securing vehicular ad hoc networks},
 journal = {J. Comput. Secur.},
 issue\_date = {January 2007},
 volume = {15},
 number = {1},
 month = jan,
 year = {2007},
 pages = {39--68},
 numpages = {30},
 publisher = {IOS Press},
 address = {Amsterdam, The Netherlands, The Netherlands},
}

@ARTICLE{SecurityWSN,
author={Xiangqian Chen and Makki, K. and Kang Yen and Pissinou, N.},
journal={Communications Surveys Tutorials, IEEE}, title={Sensor network security: a survey},
year={2009},
month={quarter },
volume={11},
number={2},
pages={52 -73},}

@inproceedings{LeaderElection,
 author = {Cidon, Israel and Mokryn, Osnat},
 title = {Propagation and Leader Election in a Multihop Broadcast Environment},
 booktitle = {Proceedings of the 12th International Symposium on Distributed Computing},
 series = {DISC '98},
 year = {1998},
 pages = {104--118},
 numpages = {15},
 publisher = {Springer-Verlag},
 address = {London, UK, UK},
}

@article{CDS,
 author = {Wan, Peng-Jun and Alzoubi, Khaled M. and Frieder, Ophir},
 title = {Distributed construction of connected dominating set in wireless ad hoc networks},
 journal = {Mob. Netw. Appl.},
 issue\_date = {April 2004},
 volume = {9},
 number = {2},
 month = apr,
 year = {2004},
 pages = {141--149},
 numpages = {9},
 publisher = {Kluwer Academic Publishers},
 address = {Hingham, MA, USA}
}


@INPROCEEDINGS{DDAS,
author={Yu, B. and Li, J. and Li, Y.},
booktitle={INFOCOM 2009, IEEE}, title={Distributed Data Aggregation Scheduling in Wireless Sensor Networks},
year={2009},
month={april},
volume={},
number={},
pages={2159 -2167},}

@INPROCEEDINGS{vanet_dissem,
author={Nadeem, Tamer and Shankar, Pravin and Iftode, Liviu},
booktitle={Mobile and Ubiquitous Systems - Workshops, 2006. 3rd Annual International Conference on}, title={A Comparative Study of Data Dissemination Models for VANETs},
year={2006},
month={july},
volume={},
number={},
pages={1 -10},}

@inproceedings{heuristic,
 author = {Cheng, Hongju and Liu, Qin and Jia, Xiaohua},
 title = {Heuristic algorithms for real-time data aggregation in wireless sensor networks},
 booktitle = {Proceedings of the 2006 international conference on Wireless communications and mobile computing},
 series = {IWCMC '06},
 year = {2006},
 location = {Vancouver, British Columbia, Canada},
 pages = {1123--1128},
 numpages = {6},
 publisher = {ACM},
 address = {New York, NY, USA},
}

@INPROCEEDINGS{time,
author={Jae Young Choi and Jong Wook Lee and Kamrok Lee and Sunghyun Choi and Wook Hyun Kwon and Hong Seong Park},
booktitle={Vehicular Technology Conference, 2006. VTC 2006-Spring. IEEE 63rd}, title={Aggregation Time Control Algorithm for Time constrained Data Delivery in Wireless Sensor Networks},
year={2006},
month={may},
volume={2},
number={},
pages={563 -567},
}

@article{sct,
title = "A scalable correlation aware aggregation strategy for wireless sensor networks",
journal = "Information Fusion",
volume = "9",
number = "3",
pages = "354 - 369",
year = "2008",
author = "Yujie Zhu and Ramanuja Vedantham and Seung-Jong Park and Raghupathy Sivakumar",
}

@article{bloomF,
 author = {Bloom, Burton H.},
 title = {Space/time trade-offs in hash coding with allowable errors},
 journal = {Commun. ACM},
 issue_date = {July 1970},
 volume = {13},
 number = {7},
 month = jul,
 year = {1970},
 pages = {422--426},
 numpages = {5},
 publisher = {ACM},
 address = {New York, NY, USA},
}


@INPROCEEDINGS{crew,
author={ Deshpande, M. and Bo Xing and Lazardis, I. and Hore, B. and Venkatasubramanian, N. and Mehrotra, S.},
booktitle={Distributed Computing Systems, 2006. ICDCS 2006. 26th IEEE International Conference on}, title={CREW: A Gossip-based Flash-Dissemination System},
year={2006},
month={},
volume={},
number={},
pages={ 45},
}

@Misc{ns3,
 title = {ns-3},
 OPThowpublished = {},
 url = {\url{http://www.nsnam.org/}},
}

@INPROCEEDINGS{aodv,
author={Perkins, C.E. and Royer, E.M.},
booktitle={Mobile Computing Systems and Applications, 1999. Proceedings. WMCSA '99. Second IEEE Workshop on},
title={Ad-hoc on-demand distance vector routing},
year={1999},
month={feb}
}

@INPROCEEDINGS{highway-mobility,
author={Arbabi, H. and Weigle, M.C.},
booktitle={Simulation Conference (WSC), Proceedings of the 2010 Winter},
title={Highway mobility and vehicular ad-hoc networks in ns-3},
year={2010},
month={dec.}
}